<?xml version="1.0" encoding="UTF-8"?><record xmlns="http://www.loc.gov/MARC21/slim" xmlns:cinclude="http://apache.org/cocoon/include/1.0" xmlns:zs="http://www.loc.gov/zing/srw/">
  <leader>00384nz  a2200121n  4500</leader>
  <controlfield tag="001">n  96000154 </controlfield>
  <controlfield tag="003">DLC</controlfield>
  <controlfield tag="005">19960102112245.8</controlfield>
  <controlfield tag="008">960102n| acannaab|          |n aaa |||  </controlfield>
  <datafield tag="010" ind1=" " ind2=" ">
    <subfield code="a">n  96000154 </subfield>
  </datafield>
  <datafield tag="040" ind1=" " ind2=" ">
    <subfield code="a">DLC</subfield>
    <subfield code="c">DLC</subfield>
  </datafield>
  <datafield tag="100" ind1="1" ind2="0">
    <subfield code="a">Suarez, Raymond</subfield>
  </datafield>
  <datafield tag="670" ind1=" " ind2=" ">
    <subfield code="a">Capital formation and investment in minority business enterprises in the telecommunications industries, 1995:</subfield>
    <subfield code="b">t.p. (Raymond Suarez)</subfield>
  </datafield>
</record>